@article{bernstein2009effect,
  title={The effect of emergency department crowding on clinically oriented outcomes},
  author={Bernstein, Steven L and Aronsky, Dominik and Duseja, Reena and Epstein, Stephen and Handel, Dan and Hwang, Ula and McCarthy, Melissa and John McConnell, K and Pines, Jesse M and Rathlev, Niels and others},
  journal={Academic Emergency Medicine},
  volume={16},
  number={1},
  pages={1--10},
  year={2009},
  publisher={Wiley Online Library}
}

@book{balogh2015improving,
  title={Improving diagnosis in health care},
  author={Balogh, Erin P and Miller, Bryan T and Ball, John R},
  year={2015},
  publisher={National Academies Press}
}

@article{koch2018frequency,
  title={The frequency of unnecessary testing in hospitalized patients},
  author={Koch, Christian and Roberts, Kenneth and Petruccelli, Christie and Morgan, Daniel J},
  journal={The American journal of medicine},
  volume={131},
  number={5},
  pages={500--503},
  year={2018},
  publisher={Elsevier}
}

@article{saghafian2015operations,
  title={Operations research/management contributions to emergency department patient flow optimization: Review and research prospects},
  author={Saghafian, Soroush and Austin, Garrett and Traub, Stephen J},
  journal={IIE Transactions on Healthcare Systems Engineering},
  volume={5},
  number={2},
  pages={101--123},
  year={2015},
  publisher={Taylor \& Francis}
}

@article{asplin2003model,
  title={A conceptual model of emergency department crowding},
  author={Asplin, Brent R and Magid, David J and Rhodes, Karin V and Solberg, Leif I and Lurie, Nicole and Camargo Jr, Carlos A},
  journal={Annals of emergency medicine},
  volume={42},
  number={2},
  pages={173--180},
  year={2003},
  publisher={Elsevier}
}

@article{jarvis2016ed,
  title={ED overcrowding and the full capacity protocol cross over study: what happens when a hospital is over capacity?},
  author={Jarvis, Paul RK},
  journal={Emergency Medicine Journal},
  volume={33},
  number={2},
  pages={115--123},
  year={2016},
  publisher={BMJ Publishing Group Ltd}
}

@article{croskerry2013cognitive,
  title={From mindless to mindful practice—cognitive bias and clinical decision making},
  author={Croskerry, Pat},
  journal={New England Journal of Medicine},
  volume={368},
  number={26},
  pages={2445--2448},
  year={2013},
  publisher={Mass Medical Soc}
}

@article{johnson2019decision,
  title={Decision making in emergency medicine: Rational, improvisational or both?},
  author={Johnson, Gordon},
  journal={Emergency Medicine Australasia},
  volume={31},
  number={4},
  pages={525--526},
  year={2019},
  publisher={Wiley Online Library}
}

@article{cooke2013overview,
  title={An overview of clinical decision making: Biases and guidelines},
  author={Cooke, Georga and Tapley, Amanda and Holliday, Elizabeth and Morgan, Simon and Henderson, Kim and Ball, Jean and van Driel, Mieke and Spike, Neil and Kerr, Rohan and Magin, Parker},
  journal={BMJ},
  volume={346},
  pages={f1239},
  year={2013},
  publisher={British Medical Journal Publishing Group}
}

@article{bernstein2009effect,
  title={The effect of emergency department crowding on clinically oriented outcomes},
  author={Bernstein, Steven L and Aronsky, Dominik and Duseja, Reena and Epstein, Stephen and Handel, Dan and Hwang, Ula and McCarthy, Melissa and John McConnell, K and Pines, Jesse M and Rathlev, Niels and others},
  journal={Academic Emergency Medicine},
  volume={16},
  number={1},
  pages={1--10},
  year={2009},
  publisher={Wiley Online Library}
}

@article{morley2018emergency,
  title={Emergency department crowding: A systematic review of causes, consequences and solutions},
  author={Morley, Claire and Unwin, Maria and Peterson, Gregory M and Stankovich, Jim and Kinsman, Leigh},
  journal={PloS one},
  volume={13},
  number={8},
  pages={e0203316},
  year={2018},
  publisher={Public Library of Science San Francisco, CA USA}
}

@article{green2006managing,
  title={Managing patient demand in healthcare systems},
  author={Green, Linda V},
  journal={Encyclopedia of Health Economics},
  volume={2},
  pages={33--39},
  year={2006},
  publisher={Elsevier Amsterdam}
}

@article{batt2019impact,
  title={The impact of process design on ED performance: A discreteevent simulation study},
  author={Batt, Robert J and Terwiesch, Christian},
  journal={Production and Operations Management},
  volume={28},
  number={6},
  pages={1493--1510},
  year={2019},
  publisher={Wiley Online Library}
}

@article{dai2010load,
  title={Load balancing and capacity planning in queueing networks with abandonment},
  author={Dai, Jim and He, Shuangchi},
  journal={Operations Research},
  volume={58},
  number={2},
  pages={429--439},
  year={2010},
  publisher={INFORMS}
}

@article{zychlinski2019discrete,
  title={A discrete-event simulation model for managing urgent care units},
  author={Zychlinski, Natalia and Mandelbaum, Avishai and Momcilovic, Petar and Cohen, Izack},
  journal={Operations Research for Health Care},
  volume={23},
  pages={100202},
  year={2019},
  publisher={Elsevier}
}

@article{shi2016models,
  title={Models and insights for hospital inpatient operations: Time-dependent ED boarding time},
  author={Shi, Pengyi and Chou, Mabel C and Dai, Jim G and Ding, Dingfan and Sim, Jing},
  journal={Management Science},
  volume={62},
  number={1},
  pages={1--28},
  year={2016},
  publisher={INFORMS}
}

@article{wang2019data,
  title={Data-driven patient scheduling in emergency departments: A hybrid robust-stochastic approach},
  author={Wang, Jingui and Ouyang, Yanfeng and Qu, Xiaobo and Li, Jingshan},
  journal={Flexible Services and Manufacturing Journal},
  volume={31},
  number={4},
  pages={1174--1202},
  year={2019},
  publisher={Springer}
}

@book{welch2011overdiagnosed,
  title={Overdiagnosed: making people sick in the pursuit of health},
  author={Welch, H Gilbert and Schwartz, Lisa and Woloshin, Steve},
  year={2011},
  publisher={Beacon Press}
}

@article{o2018overdiagnosis,
  title={Overdiagnosis and overtreatment: generalists—it's time for a grassroots revolution},
  author={O'Connor, Raymond E and Nichol, Graham},
  journal={BMJ},
  volume={362},
  pages={k2820},
  year={2018},
  publisher={British Medical Journal Publishing Group}
}

@article{armony2015heterogeneous,
  title={On patient flow in hospitals: A data-based queueing-science perspective},
  author={Armony, Mor and Israelit, Shlomo and Mandelbaum, Avishai and Marmor, Yariv N and Tseytlin, Yulia and Yom-Tov, Galit B},
  journal={Stochastic Systems},
  volume={5},
  number={1},
  pages={146--194},
  year={2015},
  publisher={INFORMS}
}

@article{song2020managing,
  title={Managing hospital inpatient bed capacity through partitioning care into focused wings},
  author={Song, Hummy and Tucker, Anita L and Graue, Rachel and Moravick, Sarah and Yang, Jillian J},
  journal={Manufacturing \& Service Operations Management},
  volume={22},
  number={1},
  pages={70--87},
  year={2020},
  publisher={INFORMS}
}

@article{kocher2012effect,
  title={Effect of testing and treatment on emergency department length of stay using a national database},
  author={Kocher, Keith E and Meurer, William J and Desmond, Jeffrey S and Nallamothu, Brahmajee K},
  journal={Academic Emergency Medicine},
  volume={19},
  number={5},
  pages={525--534},
  year={2012},
  publisher={Wiley Online Library}
}

@article{rosen2018quality,
  title={Quality improvement in acute care: how to improve your emergency department right now},
  author={Rosen, Charlotte L and Seda, Gilbert},
  journal={Emergency Medicine Clinics},
  volume={36},
  number={4},
  pages={835--851},
  year={2018},
  publisher={Elsevier}
}

@article{studdert2005defensive,
  title={Defensive medicine among high-risk specialist physicians in a volatile malpractice environment},
  author={Studdert, David M and Mello, Michelle M and Sage, William M and DesRoches, Catherine M and Peugh, Jordon and Zapert, Kinga and Brennan, Troyen A},
  journal={Jama},
  volume={293},
  number={21},
  pages={2609--2617},
  year={2005},
  publisher={American Medical Association}
}

@article{kanzaria2015emergency,
  title={Emergency physician perceptions of medically unnecessary advanced diagnostic imaging},
  author={Kanzaria, Hemal K and Hoffman, Jerome R and Probst, Marc A and Caloyeras, John P and Berry, Sandra H and Brook, Robert H},
  journal={Academic Emergency Medicine},
  volume={22},
  number={4},
  pages={390--398},
  year={2015},
  publisher={Wiley Online Library}
}

@article{nibbelink2018emergency,
  title={Emergency nursing decision making: Experience, expertise, and cognitive strategies},
  author={Nibbelink, Christine W and Brewer, Barbara B},
  journal={Journal of Emergency Nursing},
  volume={44},
  number={4},
  pages={360--368},
  year={2018},
  publisher={Elsevier}
}

@article{smith2013impact,
  title={The impact of using emergency physicians in the ED},
  author={Smith, Michael and Feied, Craig and Handler, Jonathan and Gillam, Michael and Chunn, William},
  journal={The American Journal of Emergency Medicine},
  volume={31},
  number={1},
  pages={154--160},
  year={2013},
  publisher={Elsevier}
}

@article{akhlaghpour2020value,
  title={The value of information in sequential decision making},
  author={Akhlaghpour, Hessameddin},
  journal={Proceedings of the National Academy of Sciences},
  volume={117},
  number={48},
  pages={30925--30931},
  year={2020},
  publisher={National Acad Sciences}
}

@book{dixit1994investment,
  title={Investment under uncertainty},
  author={Dixit, Avinash K and Pindyck, Robert S},
  year={1994},
  publisher={Princeton university press}
}

@article{garg2018value,
  title={The value of options in emergency response management},
  author={Garg, Ashish and Wang, Yingjie and Valerdi, Ricardo},
  journal={Systems Engineering},
  volume={21},
  number={4},
  pages={344--359},
  year={2018},
  publisher={Wiley Online Library}
}

@article{forster2003effect,
  title={The effect of hospital occupancy on emergency department length of stay and patient disposition},
  author={Forster, Alan J and Stiell, Ian and Wells, George and Lee, Alexander J and Van Walraven, Carl},
  journal={Academic Emergency Medicine},
  volume={10},
  number={2},
  pages={127--133},
  year={2003},
  publisher={Wiley Online Library}
}

@article{pines2010national,
  title={National trends in emergency department use, care patterns, and quality of care of older adults in the United States},
  author={Pines, Jesse M and Mullins, Peter M and Cooper, Joshua K and Feng, Lisa B and Roth, Karin E},
  journal={Journal of the American Geriatrics Society},
  volume={58},
  number={12},
  pages={2281--2287},
  year={2010},
  publisher={Wiley Online Library}
}

@article{sabbatini2016overzealous,
  title={Overzealous use of the CT scanner: how an ED medical director can use data to change physician behavior},
  author={Sabbatini, Amber K and Prevedello, Luciano M and Raja, Ali S and Fialkow, Michael F and Sodickson, Aaron D and Khorasani, Ramin},
  journal={Emergency Radiology},
  volume={23},
  number={2},
  pages={173--179},
  year={2016},
  publisher={Springer}
}


@article{eichmeyer2022pathways,
  author = {Eichmeyer, Sarah and Zhang, Jonathan},
  title = {Pathways into Opioid Dependence: Evidence from Practice Variation in Emergency Departments},
  journal = {American Economic Journal: Applied Economics},
  volume = {14},
  number = {4},
  pages = {271--300},
  year = {2022},
  doi = {10.1257/app.20210048}
}


@article{dobbie2018effects,
  author = {Dobbie, Will and Goldin, Jacob and Yang, Crystal S.},
  title = {The Effects of Pretrial Detention on Conviction, Future Crime, and Employment: Evidence from Randomly Assigned Judges},
  journal = {American Economic Review},
  volume = {108},
  number = {2},
  pages = {201--240},
  year = {2018}
}


@article{doyle2015measuring,
  author = {Doyle, Joseph and Graves, John and Gruber, Jonathan and Kleiner, Samuel},
  title = {Measuring Returns to Hospital Care: Evidence from Ambulance Referral Patterns},
  journal = {Journal of Political Economy},
  volume = {123},
  number = {1},
  pages = {170--214},
  year = {2015},
  month = {2},
  doi = {10.1086/677756},
  pmid = {25750459},
  pmcid = {PMC4351552}
}



@article{bernstein2009,
  author={Bernstein, SL and Aronsky, D and Duseja, R and Epstein, S and Handel, D and Hwang, U and McCarthy, M and McConnell, JK and Pines, JM and Rathlev, N and others},
  title={The effect of emergency department crowding on clinically oriented outcomes},
  journal={Academic Emergency Medicine},
  volume={16},
  number={1},
  pages={1--10},
  year={2009}
}


@article{koch2018,
  title={The Frequency of Unnecessary Testing in Hospitalized Patients},
  author={Koch, C and Roberts, K and Petruccelli, C and Morgan, DJ},
  journal={Am J Med},
  volume={131},
  number={5},
  pages={500--503},
  year={2018},
  doi={10.1016/j.amjmed.2017.11.025},
  note={PMID: 29224739; PMCID: PMC8628817},
}


@book{naseim2015,
  title={Improving Diagnosis in Health Care},
  author={Balogh, EP and Miller, BT and Ball, JR},
  editor={Committee on Diagnostic Error in Health Care and Board on Health Care Services 
  and Institute of Medicine and The National Academies of Sciences, Engineering, and Medicine},
  chapter={The Diagnostic Process},
  publisher={National Academies Press (US)},
  address={Washington (DC)},
  year={2015}}

@article{saghafian2015,
    author = {Saghafian, S and Austin, G and Traub, SJ},
    title = {Operations research/management contributions to emergency department patient flow optimization: Review and research prospects},
    journal = {IIE Transactions on Healthcare Systems Engineering},
    volume = {5},
    number = {2},
    pages = {101--123},
    year = {2015}
}


@article{traub2016emergency,
  title={Emergency Department Rotational Patient Assignment},
  author={Traub, Stephen J and Stewart, Cameron F and Didehban, Reza and Bartley, Adam C and Saghafian, Soroush and Smith, Vernon D and Silvers, Scott M and LeCheminant, Ryan and Lipinski, Christopher A},
  journal={Annals of Emergency Medicine},
  volume={67},
  number={2},
  pages={206--215},
  year={2016},
  publisher={Elsevier},
  doi={10.1016/j.annemergmed.2015.07.008},
  note={Epub 2015 Oct 6. PMID: 26452721}
}


@article{bhuller2020incarceration,
  title={Incarceration, Recidivism, and Employment},
  author={Bhuller, Manudeep and Dahl, Gordon B and L{\o}ken, Katrine V and Mogstad, Magne},
  journal={Journal of Political Economy},
  volume={128},
  number={4},
  pages={1269--1324},
  year={2020},
  publisher={The University of Chicago Press}
}


