@article{eichmeyer2022pathways,
  author = {Eichmeyer, Sarah and Zhang, Jonathan},
  title = {Pathways into Opioid Dependence: Evidence from Practice Variation in Emergency Departments},
  journal = {American Economic Journal: Applied Economics},
  volume = {14},
  number = {4},
  pages = {271--300},
  year = {2022},
  doi = {10.1257/app.20210048}
}


@article{dobbie2018effects,
  author = {Dobbie, Will and Goldin, Jacob and Yang, Crystal S.},
  title = {The Effects of Pretrial Detention on Conviction, Future Crime, and Employment: Evidence from Randomly Assigned Judges},
  journal = {American Economic Review},
  volume = {108},
  number = {2},
  pages = {201--240},
  year = {2018}
}


@article{doyle2015measuring,
  author = {Doyle, Joseph and Graves, John and Gruber, Jonathan and Kleiner, Samuel},
  title = {Measuring Returns to Hospital Care: Evidence from Ambulance Referral Patterns},
  journal = {Journal of Political Economy},
  volume = {123},
  number = {1},
  pages = {170--214},
  year = {2015},
  month = {2},
  doi = {10.1086/677756},
  pmid = {25750459},
  pmcid = {PMC4351552}
}



@article{bernstein2009,
  author={Bernstein, SL and Aronsky, D and Duseja, R and Epstein, S and Handel, D and Hwang, U and McCarthy, M and McConnell, JK and Pines, JM and Rathlev, N and others},
  title={The effect of emergency department crowding on clinically oriented outcomes},
  journal={Academic Emergency Medicine},
  volume={16},
  number={1},
  pages={1--10},
  year={2009}
}


@article{koch2018,
  title={The Frequency of Unnecessary Testing in Hospitalized Patients},
  author={Koch, C and Roberts, K and Petruccelli, C and Morgan, DJ},
  journal={Am J Med},
  volume={131},
  number={5},
  pages={500--503},
  year={2018},
  doi={10.1016/j.amjmed.2017.11.025},
  note={PMID: 29224739; PMCID: PMC8628817},
}


@book{naseim2015,
  title={Improving Diagnosis in Health Care},
  author={Balogh, EP and Miller, BT and Ball, JR},
  editor={Committee on Diagnostic Error in Health Care and Board on Health Care Services 
  and Institute of Medicine and The National Academies of Sciences, Engineering, and Medicine},
  chapter={The Diagnostic Process},
  publisher={National Academies Press (US)},
  address={Washington (DC)},
  year={2015}}

@article{saghafian2015,
    author = {Saghafian, S and Austin, G and Traub, SJ},
    title = {Operations research/management contributions to emergency department patient flow optimization: Review and research prospects},
    journal = {IIE Transactions on Healthcare Systems Engineering},
    volume = {5},
    number = {2},
    pages = {101--123},
    year = {2015}
}


@article{traub2016emergency,
  title={Emergency Department Rotational Patient Assignment},
  author={Traub, Stephen J and Stewart, Cameron F and Didehban, Reza and Bartley, Adam C and Saghafian, Soroush and Smith, Vernon D and Silvers, Scott M and LeCheminant, Ryan and Lipinski, Christopher A},
  journal={Annals of Emergency Medicine},
  volume={67},
  number={2},
  pages={206--215},
  year={2016},
  publisher={Elsevier},
  doi={10.1016/j.annemergmed.2015.07.008},
  note={Epub 2015 Oct 6. PMID: 26452721}
}


@article{bhuller2020incarceration,
  title={Incarceration, Recidivism, and Employment},
  author={Bhuller, Manudeep and Dahl, Gordon B and L{\o}ken, Katrine V and Mogstad, Magne},
  journal={Journal of Political Economy},
  volume={128},
  number={4},
  pages={1269--1324},
  year={2020},
  publisher={The University of Chicago Press}
}


