@article{mostafa2024strategies,
  title={Strategies to Measure and Improve Emergency Department Performance: A Review},
  author={Mostafa, R. and El-Atawi, K.},
  journal={Cureus},
  volume={16},
  number={1},
  pages={e52879},
  year={2024},
  month={Jan},
  doi={10.7759/cureus.52879},
  pmid={38406097},
  pmcid={PMC10890971}
}

@article{Sorup2013evaluation,
  title={Evaluation of emergency department performance - a systematic review on recommended performance and quality-in-care measures},
  author={S{\o}rup, CM and Jacobsen, P and Forberg, JL},
  journal={Scandinavian Journal of Trauma, Resuscitation and Emergency Medicine},
  volume={21},
  pages={62},
  year={2013},
  month={Aug},
  doi={10.1186/1757-7241-21-62},
  pmid={23938117},
  pmcid={PMC3750595}
}

@article{waheed2022impact,
  title={The impact of dependence on advanced imaging techniques on the current radiology practice},
  author={Waheed, S. and Tahir, M. J. and Ullah, I. and Alwalid, O. and Irshad, S. G. and Asghar, M. S. and Yousaf, Z.},
  journal={Annals of Medicine and Surgery (Lond)},
  volume={78},
  pages={103708},
  year={2022},
  month={May},
  doi={10.1016/j.amsu.2022.103708},
  pmid={35592825},
  pmcid={PMC9111924}
}

@book{national2015improving,
  title={Improving Diagnosis in Health Care},
  author={{National Academies of Sciences, Engineering, and Medicine}},
  editor={Balogh, E. P. and Miller, B. T. and Ball, J. R.},
  publisher={National Academies Press},
  address={Washington, DC},
  year={2015},
  url={https://www.ncbi.nlm.nih.gov/books/NBK338593/},
  doi={10.17226/21794}
}

@article{valtchinov2019use,
  title={Use of Imaging in the Emergency Department: Do Individual Physicians Contribute to Variation?},
  author={Valtchinov, V. I. and Ip, I. K. and Khorasani, R. and Schuur, J. D. and Zurakowski, D. and Lee, J. and Raja, A. S.},
  journal={AJR American Journal of Roentgenology},
  volume={213},
  number={3},
  pages={637--643},
  year={2019},
  month={Sep},
  doi={10.2214/AJR.18.21065},
  pmid={31063428},
  eprint={2019 May 7}
}

@article{vanDonselaar2010ordering,
  title={Ordering Behavior in Retail Stores and Implications for Automated Replenishment},
  author={van Donselaar, Karel H. and Gaur, Vishal and van Woensel, Tom and Broekmeulen, Rob A. C. M. and Fransoo, Jan C.},
  journal={Management Science},
  volume={56},
  number={5},
  pages={766--784},
  year={2010},
  doi={10.1287/mnsc.1100.1146}
}

@article{bernstein2009effect,
  title={The effect of emergency department crowding on clinically oriented outcomes},
  author={Bernstein, Steven L and Aronsky, Dominik and Duseja, Reena and Epstein, Stephen and Handel, Dan and Hwang, Ula and McCarthy, Melissa and John McConnell, K and Pines, Jesse M and Rathlev, Niels and others},
  journal={Academic Emergency Medicine},
  volume={16},
  number={1},
  pages={1--10},
  year={2009},
  publisher={Wiley Online Library}
}

@book{balogh2015improving,
  title={Improving diagnosis in health care},
  author={Balogh, Erin P and Miller, Bryan T and Ball, John R},
  year={2015},
  publisher={National Academies Press}
}

@article{koch2018frequency,
  title={The frequency of unnecessary testing in hospitalized patients},
  author={Koch, Christian and Roberts, Kenneth and Petruccelli, Christie and Morgan, Daniel J},
  journal={The American journal of medicine},
  volume={131},
  number={5},
  pages={500--503},
  year={2018},
  publisher={Elsevier}
}

@article{saghafian2015operations,
  title={Operations research/management contributions to emergency department patient flow optimization: Review and research prospects},
  author={Saghafian, Soroush and Austin, Garrett and Traub, Stephen J},
  journal={IIE Transactions on Healthcare Systems Engineering},
  volume={5},
  number={2},
  pages={101--123},
  year={2015},
  publisher={Taylor \& Francis}
}



@article{eichmeyer2022pathways,
  author = {Eichmeyer, Sarah and Zhang, Jonathan},
  title = {Pathways into Opioid Dependence: Evidence from Practice Variation in Emergency Departments},
  journal = {American Economic Journal: Applied Economics},
  volume = {14},
  number = {4},
  pages = {271--300},
  year = {2022},
  doi = {10.1257/app.20210048}
}


@article{dobbie2018effects,
  author = {Dobbie, Will and Goldin, Jacob and Yang, Crystal S.},
  title = {The Effects of Pretrial Detention on Conviction, Future Crime, and Employment: Evidence from Randomly Assigned Judges},
  journal = {American Economic Review},
  volume = {108},
  number = {2},
  pages = {201--240},
  year = {2018}
}


@article{doyle2015measuring,
  author = {Doyle, Joseph and Graves, John and Gruber, Jonathan and Kleiner, Samuel},
  title = {Measuring Returns to Hospital Care: Evidence from Ambulance Referral Patterns},
  journal = {Journal of Political Economy},
  volume = {123},
  number = {1},
  pages = {170--214},
  year = {2015},
  month = {2},
  doi = {10.1086/677756},
  pmid = {25750459},
  pmcid = {PMC4351552}
}



@article{bernstein2009,
  author={Bernstein, SL and Aronsky, D and Duseja, R and Epstein, S and Handel, D and Hwang, U and McCarthy, M and McConnell, JK and Pines, JM and Rathlev, N and others},
  title={The effect of emergency department crowding on clinically oriented outcomes},
  journal={Academic Emergency Medicine},
  volume={16},
  number={1},
  pages={1--10},
  year={2009}
}


@article{koch2018,
  title={The Frequency of Unnecessary Testing in Hospitalized Patients},
  author={Koch, C and Roberts, K and Petruccelli, C and Morgan, DJ},
  journal={Am J Med},
  volume={131},
  number={5},
  pages={500--503},
  year={2018},
  doi={10.1016/j.amjmed.2017.11.025},
  note={PMID: 29224739; PMCID: PMC8628817},
}


@book{naseim2015,
  title={Improving Diagnosis in Health Care},
  author={Balogh, EP and Miller, BT and Ball, JR},
  editor={Committee on Diagnostic Error in Health Care and Board on Health Care Services 
  and Institute of Medicine and The National Academies of Sciences, Engineering, and Medicine},
  chapter={The Diagnostic Process},
  publisher={National Academies Press (US)},
  address={Washington (DC)},
  year={2015}}

@article{saghafian2015,
    author = {Saghafian, S and Austin, G and Traub, SJ},
    title = {Operations research/management contributions to emergency department patient flow optimization: Review and research prospects},
    journal = {IIE Transactions on Healthcare Systems Engineering},
    volume = {5},
    number = {2},
    pages = {101--123},
    year = {2015}
}


@article{traub2016emergency,
  title={Emergency Department Rotational Patient Assignment},
  author={Traub, Stephen J and Stewart, Cameron F and Didehban, Reza and Bartley, Adam C and Saghafian, Soroush and Smith, Vernon D and Silvers, Scott M and LeCheminant, Ryan and Lipinski, Christopher A},
  journal={Annals of Emergency Medicine},
  volume={67},
  number={2},
  pages={206--215},
  year={2016},
  publisher={Elsevier},
  doi={10.1016/j.annemergmed.2015.07.008},
  note={Epub 2015 Oct 6. PMID: 26452721}
}


@article{bhuller2020incarceration,
  title={Incarceration, Recidivism, and Employment},
  author={Bhuller, Manudeep and Dahl, Gordon B and L{\o}ken, Katrine V and Mogstad, Magne},
  journal={Journal of Political Economy},
  volume={128},
  number={4},
  pages={1269--1324},
  year={2020},
  publisher={The University of Chicago Press}
}


